<?xml version="1.0" encoding="UTF-8"?><collection xmlns="http://www.loc.gov/MARC21/slim"><record><leader>00393nam--2200169-u-4500</leader><controlfield tag="001">000051389</controlfield><controlfield tag="002">20161230</controlfield><controlfield tag="005">20170108235248</controlfield><controlfield tag="008">080708s1000------------r-----000-0-eng-d</controlfield><datafield ind1=" " ind2=" " tag="040"><subfield code="a">IFIN-HH</subfield></datafield><datafield ind1=" " ind2=" " tag="080"><subfield code="a">517</subfield></datafield><datafield ind1="1" ind2=" " tag="100"><subfield code="a">Flammer,K</subfield></datafield><datafield ind1="1" ind2="0" tag="245"><subfield code="a">Tablitsy Volnovykh Sferoidalnykh Funktsii</subfield></datafield><datafield ind1=" " ind2=" " tag="260"><subfield code="a">Moskva</subfield><subfield code="c">1962</subfield></datafield><datafield ind1=" " ind2=" " tag="300"><subfield code="a">138 p</subfield></datafield><datafield ind1=" " ind2=" " tag="852"><subfield code="a">76443</subfield><subfield code="c">517</subfield></datafield><datafield ind1=" " ind2=" " tag="CAT"><subfield code="a">SYS</subfield><subfield code="c">20170108</subfield><subfield code="h">235248</subfield></datafield></record></collection>